@BOOK{history::aneroid,
      author =       "John Henry Belville",
      title =        "{\it Mid-nineteenth century barometers: being a reprint of Manual of the mercurial and aneroid barometers (1858) by John Henry Belville, to which is appended The aneroid barometer, how to buy and use it (1849) by a Fellow of the Meteorological Society}",
      publisher =    "Turner and Devereux",
      year =         "1975",
      isbn =         "0950255742",
    }
    
    @BOOK{history::radar,
      author =       "Raymond C. Watson",
      title =        "{\it Radar Origins Worldwide}",
      publisher =    "Trafford Publishing",
      year =         "2009",
      isbn =         "1426921101",
    }
    
    @BOOK{impSkripta,
      author =       "Josef Schwarz and Richard Růžička and Josef Strnadel",
      title =        "{\it Mikroprocesorové a vestavěné systémy IMP, Studijní  opora }",
      publisher =    "VUT v Brně",
      year =         "leden 2006",
      isbn =         "",
    }

    @BOOK{Olsak,
      author =       "Petr Olšák",
      title =        "{\it {\TeX}book naruby}",
      publisher =    "Konvoj",
      year =         "2001",
      isbn =         "I80-7302-0007-6",
    }

    @BOOK{Eikh,
      author =       "Victor Eikhout",
      title =        "{\it {\TeX}by Topics, a {\TeX}nitian's Reference }",
      publisher =    "Addison-Wesley UK",
      year =         "2001",
      isbn =         "0-201-56882-9",
    }
    
    @BOOK{ICAO,
    	author =       "ICAO",
    	title =        "{Aircraft Operations - Doc 8168}",
    	publisher =    "International Civil Aviation Organisation",
    	year =         "2006",
    	isbn =         "",
    }

   @MISC{radarClasification,
      author =       "Christian Wolff",
      title =        "{\it Classification of Radar systems}",
      url =          "http://www.radartutorial.eu/02.basics/Classification%20of%20Radar%20systems%20(1).en.html",
      note =         "[Online; navštíveno 24.01.2017]"
   }

   @MISC{landingPhases,
      author =       "",
      title =        "{\it Flying techniques}",
      url =          "http://www.aeroskytech.com/english/final/final.html",
      note =         "[Online; navštíveno 25.01.2017]"
   }

   @MISC{citace,
      author =       "Zdena Rábová and Petr Hanáček and Petr Peringer and Petr Přikryl and Bohuslav Křena",
      title =        "{\it Pravidla pro bibliografické citace}",
      howpublished = "FIT VUT v Brně",
      year =         "2014",
      month =        Mar,
      url =          "http://www.fit.vutbr.cz/info/szz/bib\_citace.html",
      note =         "[Online; navštíveno 12.07.2016]"
   }
   
   @MISC{biblio,
      author =       "Olga Biernátová and Jan Skůpa",
      title =        "{\it Bibliografické odkazy a citace dokumentů}",
      url =          "http://www.citace.com/download/CSN-ISO-690.pdf",
      month =        Sep,
      year =         "2011",
      note =         "[Online; navštíveno 14.07.2017]"
   }
   
   @MISC{formalniBP,
      author =       "Zdena Rábová and Petr Přikryl and Petr Peringer and Petr Lampa and Bohuslav Křena",
      title =        "{\it Závazné pokyny pro vypracování a odevzdání bakalářské práce}",
      url =          "http://www.fit.vutbr.cz/info/szz/pokyny\_bp.php",
      note =         "[Online; navštíveno 30.06.2016]"
   }
   
   @MISC{formalniDP,
      author =       "Zdena Rábová and Petr Přikryl and Petr Peringer and Petr Lampa and Bohuslav Křena",
      title =        "{\it Závazné pokyny pro vypracování a odevzdání diplomové práce}",
      url =          "http://www.fit.vutbr.cz/info/szz/pokyny\_dp.php",
      note =         "[Online; navštíveno 30.06.2016]"
   }
   
   @MISC{smernice,
      author =       "Miroslav Doupovec and Kamil Gregorek",
      title =        "{\it Směrnice rektora č. 2/2009 -- Úprava, odevzdávání, zveřejňování a uchovávání vysokoškolských kvalifikačních prací}",
      url =          "https://www.vutbr.cz/uredni-deska/vnitrni-predpisy-a-dokumenty/smernice-rektora-f34920/smernice-rektora-c-2-2009-uprava-odevzdavani-zverejnovani-a-uchovavani-vysokoskolskych-kvalifikacnich-praci-d39448/",
      note =         "[Online; navštíveno 30.06.2016]"
   }
   
   @MISC{prirucka,
      key =          "Cerna",
      author =       "Anna Černá and Jan Chromý and Hana Konečná and others",
      title =        "{\it Internetová jazyková příručka -- Ústav pro jazyk český Akademie věd ČR, v. v. i.}",
      howpublished = "Centrum zpracování přirozeného jazyka FI MU",
      url =          "http://prirucka.ujc.cas.cz/",
      note =         "[Online; navštíveno 15.07.2016]"
   }
   
   @MISC{Herout,
      author =       "Adam Herout",
      title =        "{\it herout.net -- Poznámky učitele, kouče, čtenáře.}",
      url =          "http://www.herout.net/",
      note =         "[Online; navštíveno 15.07.2016]"
   }
   
   @MISC{chyby,
      author =       "Igor Szöke",
      title =        "{\it Textová část BP/DP - Lessons learned}",
      url =          "http://blog.igor.szoke.cz/2012/01/textova-cast-bpdp-lessons-learned-1.html",
      note =         "[Online; navštíveno 15.07.2016]"
   }
   
   @MISC{rady,
      author =       "Igor Szöke",
      title =        "{\it Píšete diplomku? 15+1 rad, které vám pomohou.}",
      url =          "http://blog.igor.szoke.cz/2011/12/pisete-diplomku-151-rad-ktere-vam.html",
      note =         "[Online; navštíveno 15.07.2016]"
   }
   
   @MISC{Beran,
      author =       "Vítězslav Beran",
      title =        "{\it Beran-BP DP Projekty}",
      url =          "http://merlin.fit.vutbr.cz/wiki/index.php/Beran-BP_DP_Projekty",
      note =         "[Online; navštíveno 15.07.2016]"
   }

   @MISC{BeranPDF,
      author =       "Vítězslav Beran",
      title =        "{\it Jak psát technickou zprávu}",
      url =          "http://www.fit.vutbr.cz/\\textasciitilde beranv/podpora/Jak\%20psat\%20technickou\%20zpravu.pdf",
      note =         "[Online; navštíveno 15.07.2016]"
   }
   
   @MISC{Cernocky,
      key =          "Cernocky",
      author =       "Jan Černocký",
      title =        "{\it Cernocky BP DP-obecne}",
      url =          "http://merlin.fit.vutbr.cz/wiki/index.php/Cernocky\_BP\_DP-obecne",
      note =         "[Online; navštíveno 25.07.2016]"
   }
   
   @MISC{CernockyEnglish,
      key =          "Cernocky",
      author =       "Jan Černocký",
      title =        "{\it English SOS}",
      url =          "https://merlin.fit.vutbr.cz/wiki/index.php/English_SOS",
      note =         "[Online; navštíveno 25.07.2016]"
   }
   
   @MISC{Zemcik,
      author =       "Pavel Zemčík",
      title =        "{\it Všeobecné pokyny pro studenty a vůbec}",
      url =          "http://www.fit.vutbr.cz/~zemcik/Pokyny.pdf",
      note =         "[Online; navštíveno 25.07.2016]"
   }
   
   @BOOK{Lebrun2011,
     author = {Jean-Luc Lebrun},
     title = {Scientific Writing 2.0: a reader and writer's guide},
    publisher = {World Scientific Publishing},
    year = {2011},
    note = {ISBN: 9814350605},
    owner = {herout},
    timestamp = {2015.01.20}
  }
  @MISC{bangda,
  	author =       "",
   	title =        "{\it Great Circle Mapper}",
   	url =          "http://www.gcmap.com/airport/BPX",
   	note =         "[Online; navštíveno 22.4.2017]"
  }
     
  